@online{robomax,
url = "https://github.com/Askarpour/RoboMAX/blob/main/Exemplars.csv"
}